<?xml version="1.0" encoding="UTF-8"?><record xmlns="http://www.loc.gov/MARC21/slim" xmlns:cinclude="http://apache.org/cocoon/include/1.0" xmlns:zs="http://www.loc.gov/zing/srw/">
  <leader>00789nz  a2200145n  4500</leader>
  <controlfield tag="001">no 00023209 </controlfield>
  <controlfield tag="003">DLC</controlfield>
  <controlfield tag="005">20000404070059.0</controlfield>
  <controlfield tag="008">000403n| acannaabn          |a ana     c</controlfield>
  <datafield tag="010" ind1=" " ind2=" ">
    <subfield code="a">no 00023209 </subfield>
  </datafield>
  <datafield tag="035" ind1=" " ind2=" ">
    <subfield code="a">(OCoLC)oca05189979</subfield>
  </datafield>
  <datafield tag="040" ind1=" " ind2=" ">
    <subfield code="a">NmU</subfield>
    <subfield code="b">eng</subfield>
    <subfield code="c">NmU</subfield>
  </datafield>
  <datafield tag="110" ind1="2" ind2=" ">
    <subfield code="a">Structural Engineering Institute.</subfield>
    <subfield code="b">Minimum Design Loads on Buildings and Other Structures Standards Committee</subfield>
  </datafield>
  <datafield tag="410" ind1="2" ind2=" ">
    <subfield code="a">Structural Engineering Institute.</subfield>
    <subfield code="b">Codes and Standards Activities Division.</subfield>
    <subfield code="b">Minimum Design Loads on Buildings and Other Structures Standards Committee</subfield>
  </datafield>
  <datafield tag="670" ind1=" " ind2=" ">
    <subfield code="a">Minimum design loads for buildings and other structures, c2000:</subfield>
    <subfield code="b">p. vii (Minimum Design Loads on Buildings and Other Structures Standards Committee of the Codes and Standards Activities Division of the Structural Engineering Institute)</subfield>
  </datafield>
</record>